@article{Guica:2008mu,
      author         = "Guica, Monica and Hartman, Thomas and Song, Wei and
                        Strominger, Andrew",
      title          = "{The Kerr/CFT Correspondence}",
      journal        = "Phys.Rev.",
      volume         = "D80",
      pages          = "124008",
      doi            = "10.1103/PhysRevD.80.124008",
      year           = {2009},
      eprint         = "hep-th/0809.4266",
      archivePrefix  = "arXiv",
      primaryClass   = "hep-th",
      SLACcitation   = "%%CITATION = ARXIV:0809.4266;%%",
}

@article{Bardeen:1999px,
      author         = "Bardeen, James M. and Horowitz, Gary T.",
      title          = "{The Extreme Kerr throat geometry: A Vacuum analog of
                        AdS(2) x S${}^2$}",
      journal        = "Phys.Rev.",
      volume         = "D60",
      pages          = "104030",
      doi            = "10.1103/PhysRevD.60.104030",
      year           = {1999},
      eprint         = "hep-th/9905099",
      archivePrefix  = "arXiv",
      primaryClass   = "hep-th",
      reportNumber   = "NSF-ITP-99-29",
      SLACcitation   = "%%CITATION = HEP-TH/9905099;%%",
}

@article{Strominger:1996sh,
      author         = "Strominger, Andrew and Vafa, Cumrun",
      title          = "{Microscopic origin of the Bekenstein-Hawking entropy}",
      journal        = "Phys.Lett.",
      volume         = "B379",
      pages          = "99-104",
      doi            = "10.1016/0370-2693(96)00345-0",
      year           = {1996},
      eprint         = "hep-th/9601029",
      archivePrefix  = "arXiv",
      primaryClass   = "hep-th",
      reportNumber   = "HUTP-96-A002, RU-96-01",
      SLACcitation   = "%%CITATION = HEP-TH/9601029;%%",
}

@article{Strominger:1997eq,
      author         = "Strominger, Andrew",
      title          = "{Black hole entropy from near horizon microstates}",
      journal        = "JHEP",
      volume         = "9802",
      pages          = "009",
      year           = {1998},
      eprint         = "hep-th/9712251",
      archivePrefix  = "arXiv",
      primaryClass   = "hep-th",
      reportNumber   = "HUTP-97-A106",
      SLACcitation   = "%%CITATION = HEP-TH/9712251;%%",
}

@article{Visser:2007fj,
      author         = "Visser, Matt",
      title          = "{The Kerr spacetime: A Brief introduction}",
      year           = {2007},
      eprint         = "gr-qc/0706.0622",
      archivePrefix  = "arXiv",
      primaryClass   = "gr-qc",
      SLACcitation   = "%%CITATION = ARXIV:0706.0622;%%",
}

@book{wald2010general,
  title={General Relativity},
  author={Wald, R.M.},
  isbn={9780226870373},
  year={2010},
  publisher={University of Chicago Press}
}

@book{carroll2004spacetime,
  title={Spacetime and Geometry: An Introduction to General Relativity},
  author={Carroll, S.M.},
  isbn={9780805387322},
  lccn={2004296148},
  url={http://books.google.hr/books?id=1SKFQgAACAAJ},
  year={2004},
  publisher={Addison-Wesley Longman, Incorporated}
}

@article{Townsend:1997ku,
      author         = "Townsend, P.K.",
      title          = "{Black holes: Lecture notes}",
      year           = {1997},
      eprint         = "gr-qc/9707012",
      archivePrefix  = "arXiv",
      primaryClass   = "gr-qc",
      SLACcitation   = "%%CITATION = GR-QC/9707012;%%",
}

@article{Hawking73,
year={1973},
issn={0010-3616},
journal={Communications in Mathematical Physics},
volume={31},
number={2},
doi={10.1007/BF01645742},
title={The four laws of black hole mechanics},
publisher={Springer-Verlag},
author={Bardeen, J.M. and Carter, B. and Hawking, S.W.},
pages={161-170},
language={English}
}

@article{Bekenstein73,
  title = {Black Holes and Entropy},
  author = {Bekenstein, Jacob D.},
  journal = {Phys. Rev. D},
  volume = {7},
  issue = {8},
  pages = {2333--2346},
  year = {1973},
  month = {Apr},
  doi = {10.1103/PhysRevD.7.2333},
  publisher = {American Physical Society}
}

@article{Brown:1986nw,
      author         = "Brown, J. David and Henneaux, M.",
      title          = "{Central Charges in the Canonical Realization of
                        Asymptotic Symmetries: An Example from Three-Dimensional
                        Gravity}",
      journal        = "Commun.Math.Phys.",
      volume         = "104",
      pages          = "207-226",
      doi            = "10.1007/BF01211590",
      year           = {1986},
      SLACcitation   = "%%CITATION = CMPHA,104,207;%%",
}

@article{Compere:2012jk,
      author         = "Compere, Geoffrey",
      title          = "{The Kerr/CFT correspondence and its extensions: a
                        comprehensive review}",
      journal        = "Living Rev.Rel.",
      volume         = "15",
      pages          = "11",
      year           = {2012},
      eprint         = "hep-th/1203.3561",
      archivePrefix  = "arXiv",
      primaryClass   = "hep-th",
      SLACcitation   = "%%CITATION = ARXIV:1203.3561;%%",
}

@article{HenneauxTeitelboim,
year={1985},
issn={0010-3616},
journal={Communications in Mathematical Physics},
volume={98},
number={3},
doi={10.1007/BF01205790},
title={Asymptotically anti-de Sitter spaces},
url={http://dx.doi.org/10.1007/BF01205790},
publisher={Springer-Verlag},
author={Henneaux, Marc and Teitelboim, Claudio},
pages={391-424},
language={English}
}

@article{Bredberg:2011hp,
      author         = "Bredberg, Irene and Keeler, Cynthia and Lysov, Vyacheslav
                        and Strominger, Andrew",
      title          = "{Cargese Lectures on the Kerr/CFT Correspondence}",
      journal        = "Nucl.Phys.Proc.Suppl.",
      volume         = "216",
      pages          = "194-210",
      doi            = "10.1016/j.nuclphysbps.2011.04.155",
      year           = {2011},
      eprint         = "hep-th/1103.2355",
      archivePrefix  = "arXiv",
      primaryClass   = "hep-th",
      SLACcitation   = "%%CITATION = ARXIV:1103.2355;%%",
}

@article{Barnich:2001jy,
      author         = "Barnich, Glenn and Brandt, Friedemann",
      title          = "{Covariant theory of asymptotic symmetries, conservation
                        laws and central charges}",
      journal        = "Nucl.Phys.",
      volume         = "B633",
      pages          = "3-82",
      doi            = "10.1016/S0550-3213(02)00251-1",
      year           = {2002},
      eprint         = "hep-th/0111246",
      archivePrefix  = "arXiv",
      primaryClass   = "hep-th",
      reportNumber   = "ULB-TH-01-19, MPI-MIS-94-2001",
      SLACcitation   = "%%CITATION = HEP-TH/0111246;%%",
}

@article{Matsuo:2009sj,
      author         = "Matsuo, Yoshinori and Tsukioka, Takuya and Yoo,
                        Chul-Moon",
      title          = "{Another Realization of Kerr/CFT Correspondence}",
      journal        = "Nucl.Phys.",
      volume         = "B825",
      pages          = "231-241",
      doi            = "10.1016/j.nuclphysb.2009.09.025",
      year           = {2010},
      eprint         = "hep-th/0907.0303",
      archivePrefix  = "arXiv",
      primaryClass   = "hep-th",
      reportNumber   = "APCTP-PRE2009-008",
      SLACcitation   = "%%CITATION = ARXIV:0907.0303;%%",
}

@article{Matsuo:2009pg,
      author         = "Matsuo, Yoshinori and Tsukioka, Takuya and Yoo,
                        Chul-Moon",
      title          = "{Yet Another Realization of Kerr/CFT Correspondence}",
      journal        = "Europhys.Lett.",
      volume         = "89",
      pages          = "60001",
      doi            = "10.1209/0295-5075/89/60001",
      year           = {2010},
      eprint         = "hep-th/0907.4272",
      archivePrefix  = "arXiv",
      primaryClass   = "hep-th",
      reportNumber   = "APCTP-PRE2009-009",
      SLACcitation   = "%%CITATION = ARXIV:0907.4272;%%",
}

@book{de1998lie,
  title="{Lie Groups, Lie Algebras, Cohomology and Some Applications in Physics}",
  author="{de Azc{\'a}rraga, J.A. and Izquierdo, J.M.}",
  isbn="{9780521597005}",
  series="{Cambridge Monographs on Mathematical Physics}",
  year="{1998}",
  publisher="{Cambridge University Press}",
}

@misc{ComperePaket,
      author = "Geoffrey Compere",
      title = "{Computing conserved charges in gravity using Mathematica}",
      url = "http://staff.science.uva.nl/~compere/package.html",
}

@misc{RGTC,
      author = "Sotirios Bonanos",
      title = "{Riemannian Geometry and Tensor Calculus in Mathematica}",
      url = "http://www.inp.demokritos.gr/~sbonano/RGTC/",
}

@article{FrolovThorne,
  title = {Renormalized stress-energy tensor near the horizon of a slowly evolving, rotating black hole},
  author = {Frolov, Valery P. and Thorne, Kip S.},
  journal = {Phys. Rev. D},
  volume = {39},
  issue = {8},
  pages = {2125--2154},
  year = {1989},
  month = {Apr},
  doi = {10.1103/PhysRevD.39.2125},
  publisher = {American Physical Society}
}


@article{HartleHawking,
  title = {Path-integral derivation of black-hole radiance},
  author = {Hartle, J. B. and Hawking, S. W.},
  journal = {Phys. Rev. D},
  volume = {13},
  issue = {8},
  pages = {2188--2203},
  year = {1976},
  month = {Apr},
  doi = {10.1103/PhysRevD.13.2188},
  publisher = {American Physical Society}
}

@article{Cardy1,
  author   = {Cardy, J.L.},
  journal  = {Nucl. Phys. B},
  keywords = {no keywords},
  pages    = {186--204},
  refdb_id = {http://relativity.livingreviews.org/refdb/record/24866},
  title    = {Operator Content of Two-dimensional Conformally Invariant Theories},
  volume   = {270},
  year     = {1986}
}

@article{Cardy2,
  author   = {Bl{\"{o}}te, H.W.J. and Cardy, J.L. and Nightingale, M.P.},
  doi      = {10.1103/PhysRevLett.56.742},
  journal  = {Phys. Rev. Lett.},
  keywords = {no keywords},
  pages    = {742--745},
  refdb_id = {http://relativity.livingreviews.org/refdb/record/24858},
  title    = {Conformal Invariance, the Central Charge, and Universal Finite-Size Amplitudes at Criticality},
  volume   = {56},
  year     = {1986}
}

@article{supermasiv1,
      author         = "McClintock, Jeffrey E. and Shafee, Rebecca and Narayan,
                        Ramesh and Remillard, Ronald A. and Davis, Shane W. and
                        others",
      title          = "{The Spin of the Near-Extreme Kerr Black Hole GRS
                        1915+105}",
      journal        = "Astrophys.J.",
      volume         = "652",
      pages          = "518-539",
      doi            = "10.1086/508457",
      year           = {2006},
      eprint         = "astro-ph/0606076",
      archivePrefix  = "arXiv",
      primaryClass   = "astro-ph",
      SLACcitation   = "%%CITATION = ASTRO-PH/0606076;%%",
}

@article{supermasiv2,
      author         = "Risaliti, G. and Harrison, F.A. and Madsen, K.K. and
                        Walton, D.J. and Boggs, S.E. and others",
      title          = "{A rapidly spinning supermassive black hole at the centre
                        of NGC 1365}",
      year           = {2013},
      eprint         = "astro-ph.HE/1302.7002",
      archivePrefix  = "arXiv",
      primaryClass   = "astro-ph.HE",
      SLACcitation   = "%%CITATION = ARXIV:1302.7002;%%",
}

@Book{lang1998sl2r,
 author = {Lang, Serge},
 title = {SL2(R)},
 publisher = {Springer},
 year = {1998},
 address = {New York},
 isbn = {978-0387961989}
 }
 
@article{Hopf,
 title = {An Elementary Introduction to the Hopf Fibration},
  author = {D. W. Lyons},
  journal = {Mathematics Magazine},
  volume = {76},
  issue = {2},
  pages = {87--98},
  year = {2003},
  month = {Apr},
  url = {http://www.jstor.org/stable/3219300},
  publisher = {Mathematical Association of America}
}

@article{lrr-2004-1,
  title    = {Conformal Infinity},
  author   = {Jörg Frauendiener},
  journal  = {Living Reviews in Relativity},
  year     = {2004},
  number   = {1},
  volume   = {7},
  keywords = {},
  doi      = {10.12942/lrr-2004-1}
}

@article{Arnowitt:1962hi,
      author         = "Arnowitt, Richard L. and Deser, Stanley and Misner,
                        Charles W.",
      title          = "{The Dynamics of general relativity}",
      journal        = "Gen.Rel.Grav.",
      volume         = "40",
      pages          = "1997-2027",
      doi            = "10.1007/s10714-008-0661-1",
      year           = {2008},
      eprint         = "gr-qc/0405109",
      archivePrefix  = "arXiv",
      primaryClass   = "gr-qc",
      SLACcitation   = "%%CITATION = GR-QC/0405109;%%",
}

@book{raine2005black,
  title={Black Holes: An Introduction},
  author={Raine, D.J. and Thomas, E.G.},
  isbn={9781860945861},
  lccn={2007530525},
  series={Black Holes: An Introduction},
  year={2005},
  publisher={Imperial College Press}
}

@book{poissonrelativist,
  title={A Relativist's Toolkit},
  author={Poisson, E.},
  isbn={9781139451994},
  publisher={Cambridge University Press},
  year = {2004}
}

@article{Anninos:2008fx,
      author         = "Anninos, Dionysios and Li, Wei and Padi, Megha and Song,
                        Wei and Strominger, Andrew",
      title          = "{Warped AdS(3) Black Holes}",
      journal        = "JHEP",
      volume         = "0903",
      pages          = "130",
      doi            = "10.1088/1126-6708/2009/03/130",
      year           = {2009},
      eprint         = "hep-th/0807.3040",
      archivePrefix  = "arXiv",
      primaryClass   = "hep-th",
      SLACcitation   = "%%CITATION = ARXIV:0807.3040;%%",
}

@article{Silva:1998ii,
      author         = "Silva, S.",
      title          = "{On superpotentials and charge algebras of gauge
                        theories}",
      journal        = "Nucl.Phys.",
      volume         = "B558",
      pages          = "391-415",
      doi            = "10.1016/S0550-3213(99)00392-2",
      year           = {1999},
      eprint         = "hep-th/9809109",
      archivePrefix  = "arXiv",
      primaryClass   = "hep-th",
      reportNumber   = "LPTENS-98-36",
      SLACcitation   = "%%CITATION = HEP-TH/9809109;%%",
}

@article{Coussaert:1994tu,
      author         = "Coussaert, Olivier and Henneaux, Marc",
      title          = "{Selfdual solutions of (2+1) Einstein gravity with a
                        negative cosmological constant}",
      year           = {1994},
      eprint         = "hep-th/9407181",
      archivePrefix  = "arXiv",
      primaryClass   = "hep-th",
      reportNumber   = "ULB-TH-14-94, C94-01-17.1",
      SLACcitation   = "%%CITATION = HEP-TH/9407181;%%",
}

@article{Bengtsson:2005zj,
      author         = "Bengtsson, Ingemar and Sandin, Patrik",
      title          = "{Anti de Sitter space, squashed and stretched}",
      journal        = "Class.Quant.Grav.",
      volume         = "23",
      pages          = "971-986",
      doi            = "10.1088/0264-9381/23/3/022",
      year           = {2006},
      eprint         = "gr-qc/0509076",
      archivePrefix  = "arXiv",
      primaryClass   = "gr-qc",
      reportNumber   = "USITP-05-4",
      SLACcitation   = "%%CITATION = GR-QC/0509076;%%",
}
 
@article{Nastase:2007kj,
      author         = "Nastase, Horatiu",
      title          = "{Introduction to AdS-CFT}",
      year           = {2007},
      eprint         = "hep-th/0712.0689",
      archivePrefix  = "arXiv",
      primaryClass   = "hep-th",
      reportNumber   = "TIT-HEP-578",
      SLACcitation   = "%%CITATION = ARXIV:0712.0689;%%",
}

@article{Banados:1992gq,
      author         = "Banados, Maximo and Henneaux, Marc and Teitelboim,
                        Claudio and Zanelli, Jorge",
      title          = "{Geometry of the (2+1) black hole}",
      journal        = "Phys.Rev.",
      volume         = "D48",
      pages          = "1506-1525",
      doi            = "10.1103/PhysRevD.48.1506",
      year           = {1993},
      eprint         = "gr-qc/9302012",
      archivePrefix  = "arXiv",
      primaryClass   = "gr-qc",
      reportNumber   = "IASSNS-HEP-92-81",
      SLACcitation   = "%%CITATION = GR-QC/9302012;%%",
}

@article{Ramallo:2013bua,
      author         = "Ramallo, Alfonso V.",
      title          = "{Introduction to the AdS/CFT correspondence}",
      year           = "2013",
      eprint         = "hep-th/1310.4319",
      archivePrefix  = "arXiv",
      primaryClass   = "hep-th",
      SLACcitation   = "%%CITATION = ARXIV:1310.4319;%%",
}